@book{9783898647304,
  Author = {David J. Anderson},
  Title = {Kanban},
  Publisher = {Dpunkt.Verlag GmbH},
  Year = {2011},
  ISBN = {3898647307},
  URL = {http://www.amazon.com/Kanban-David-J-Anderson/dp/3898647307%3FSubscriptionId%3D0JYN1NVW651KCA56C102%26tag%3Dtechkie-20%26linkCode%3Dxm2%26camp%3D2025%26creative%3D165953%26creativeASIN%3D3898647307}
}

@online{news_1,
  author = {{Martin Dommer and Stephan Finsterbusch}},
  title = {Betriebsgeheimnis auf dem Smartphone},
  note = {last checked: 26.03.2013},
  url = {\url{http://www.faz.net/aktuell/beruf-chance/arbeitswelt/bring-your-own-device-betriebsgeheimnis-auf-dem-smartphone-12123686.html}}
}

@online{news_2,
  author = {{www.heise.de}},
  title = {Oracle klagt gegen Google wegen Patent- und Urheberrechtsverletzung},
  note = {last checked: 27.03.2013},
  url = {\url{http://heise.de/-1058227}}
}

@online{blogpost_1,
  author = {{Frank Gillett}},
  title = {Why tablets will become our primary computingd device},
  note = {last checked: 25.03.2013},
  url = {\url{http://blogs.forrester.com/frank_gillett/12-04-23-why_tablets_will_become_our_primary_computing_device}}
}

@online{stat_2,
  author = {{www.statista.com}},
  title = {Anzahl der verfuegbaren Apps im Google PlayStore},
  note = {last checked: 28.03.2013},
  url = {\url{http://de.statista.com/statistik/daten/studie/74368/umfrage/anzahl-der-verfuegbaren-apps-im-google-play-store/}}
}

@online{stat_1,
  author = {{www.statista.com}},
  title = {quarterly worldwide smartphone sales by operating system since 2009},
  note = {last checked: 22.03.2013},
  url = {\url{http://www.statista.com/statistics/74592/quarterly-worldwide-smartphone-sales-by-operating-system-since-2009/}}
}

@online{android_api,
  author = {{Android}},
  title = {developer.android.com - API Guide},
  note = {last checked: 22.03.2013},
  url = {\url{http://developer.android.com/guide}}
}

@online{android_sdk,
  author = {{Android}},
  title = {http://developer.android.com/sdk - Android SDK},
  note = {last checked: 18.03.2013},
  url = {\url{http://developer.android.com/sdk}}
}

@online{android_components,
  author = {{Android}},
  title = {developer.android.com/guide/components/fundamentals.html},
  note = {last checked: 19.03.2013},
  url = {\url{http://developer.android.com/guide/components/fundamentals.html#Components}}
}

@online{eiddvm,
  author = {{Carlo U. Nicola}},
  title = {Einblick in die Dalvik-Virtual-Machine},
  note = {last checked: 30.03.2013},
  url = {\url{http://www.fhnw.ch/technik/imvs/publikationen/artikel-2009/einblick-in-die-dalvik-virtual-machine}}
}

@book{9783868998337,
  Author = {Holger Koschek, Carsten Sahling Rolf Dr√§ther},
  Title = {Scrum - kurz \& gut},
  Publisher = {O'Reilly Vlg. GmbH \& Co.},
  Year = {2013},
  ISBN = {3868998330},
  URL = {http://www.amazon.com/Holger-Koschek-Carsten-Sahling-Dr%C3%A4ther/dp/3868998330%3FSubscriptionId%3D0JYN1NVW651KCA56C102%26tag%3Dtechkie-20%26linkCode%3Dxm2%26camp%3D2025%26creative%3D165953%26creativeASIN%3D3868998330}
}

